% Bibliography of key references for "LaTeX for Thesis and Large Documents"
% For use with BibTeX

@misc{ BahmanSistany2015,
  author = {Sistany, Bahman},
  title = {Source code for {ACCPL}},
  year = {2016},
  howpublished = {\url{http://www.site.uottawa.ca/~afelty/accpl/}}
}

@article{collier,
author = {Geoff Collier and Harry Piccariello and Robby Robson},
title = {A Digital Rights Management Ecosystem Model For the Education Community},
journal={ECAR (forthcoming), May},
year={2004},
masid = {5963415}
}
 
@article{pucella2006,
  author    = {Riccardo Pucella and
               Vicky Weissman},
  title     = {A Formal Foundation for {ODRL}},
  journal   = {CoRR},
  volume    = {abs/cs/0601085},
  year      = {2006},
  url       = {http://arxiv.org/abs/cs/0601085},
  timestamp = {Wed, 18 Oct 4456575 03:44:32 +},
  biburl    = {http://dblp.uni-trier.de/rec/bib/journals/corr/abs-cs-0601085},
  bibsource = {dblp computer science bibliography, http://dblp.org}
} 
 
 
@misc{ playready,
   author = {Wikipedia},
   title = {{PlayReady} --- {W}ikipedia{,} {The Free Encyclopedia}},
   year = {2015}, 
   howpublished={\url{http://en.wikipedia.org/wiki/PlayReady}},
   note = "[Online; accessed 16-February-2015]"
 }
 
@misc{nist,
   author = {NIST},
   title = {{A SURVEY OF ACCESS CONTROL MODELS}},
   year = {2009}, 
   howpublished={\url{http://csrc.nist.gov/news_events/privilege-management-workshop/PvM-Model-Survey-Aug26-2009.pdf}},
   note = "[Online; accessed 16-August-2015]"
 }

@misc{ fairplay,
   author = {Wikipedia},
   title = {{FairPlay} --- {W}ikipedia{,} {The Free Encyclopedia}},
   year = {2015},
   howpublished={\url{http://en.wikipedia.org/wiki/FairPlay}},
   note = "[Online; accessed 16-February-2015]"
 }
 
@misc{openwebplatform,
   author = {Wikipedia},
   title = {{Open Web Platform} --- {W}ikipedia{,} {The Free Encyclopedia}},
   year = {2015},
   howpublished={\url{http://en.wikipedia.org/wiki/Open_Web_Platform}},
   note = {[Online; accessed 16-February-2015]}
 } 
 
 
@book{martin1998pattern,
  title={Pattern Languages of Program Design 3},
  author={Robert Martin and Dirk Riehle and Frank Buschmann},
  volume={256},
  year={1998},
  publisher={Addison-Wesley}
}



@book{BC04,
  author = {Bertot, Yves and Cast\'eran, Pierre},
  title = {Interactive Theorem Proving and Program Development. Coq'Art: The Calculus of Inductive Constructions},
  year = {2004},
  publisher={Springer Science \& Business Media},
  note={\url{http://www.labri.fr/perso/casteran/CoqArt/index.html}}
}

@book{piercesf2011,
  author = {Benjamin C. Pierce and Chris Casinghino and
Michael Greenberg and Vilhelm Sj\"oberg and Brent Yorgey},
  title = {Software Foundations},
  publisher = {University of Pennsylvania},
  year = 2011,
  note={\url{http://www.cis.upenn.edu/~bcpierce/sf/}},
}
@book{chlipalacpdt2011,
  author = {Adam Chlipala},
  title = {Certified Programming with Dependent Types},
  publisher = {MIT Press},
  year = {2011},
  url = {{http://adam.chlipala.net/cpdt/}},
  note={\url{http://adam.chlipala.net/cpdt/}}
}
@techreport{CoqHurry,
  hal_id = {inria-00001173},
  url = {http://cel.archives-ouvertes.fr/inria-00001173/en/},
  title = {{Coq} in a Hurry},
  author = {Bertot, Yves},
  abstract = {{These notes provide a quick introduction to the Coq system and show how it can be used to define logical concepts and functions and reason about them. It is designed as a tutorial, so that readers can quickly start their own experiments, learning only a few of the capabilities of the system. A much more comprehensive study is provided in [1], which also provides an extensive collection of exercises to train on.}},
  affiliation = {MARELLE - INRIA Sophia Antipolis - INRIA},
  pages = {43},
  school = {Types Summer School, also used at the University of Goteborg, Nice,Ecole Jeunes Chercheurs en Programmation,Universit\'e de Nice},
  year = {2010},
  month = may,
  note={\url{http://cel.archives-ouvertes.fr/inria-00001173/PDF/coq-hurry.pdf}}
}

@proceedings{quicksortInCoq,
  editor    = {Stefano Berardi and
               Ferruccio Damiani and
               Ugo de'Liguoro},
  title     = {Types for Proofs and Programs, International Conference, {TYPES} 2008,
               Torino, Italy, March 26-29, 2008, Revised Selected Papers},
  series    = {Lecture Notes in Computer Science},
  volume    = {5497},
  publisher = {Springer},
  year      = {2009},
  note={\url{http://dx.doi.org/10.1007/978-3-642-02444-3}},
  doi       = {10.1007/978-3-642-02444-3},
  isbn      = {978-3-642-02443-6},
  timestamp = {Sat, 13 Jun 2009 11:11:53 +0200},
  biburl    = {http://dblp.uni-trier.de/rec/bib/conf/types/2008},
  bibsource = {dblp computer science bibliography, http://dblp.org}
}

@inproceedings{Safavi-naini,
  author    = {Nicholas Paul Sheppard and
               Reihaneh Safavi{-}Naini},
  title     = {On the Operational Semantics of Rights Expression Languages},
  booktitle = {Proceedings of the 9th {ACM} Workshop on Digital Rights Management,
               Chicago, Illinois, USA, November 9, 2009},
  pages     = {17--28},
  year      = {2009},
  crossref  = {DBLP:conf/drm/2009},
  url       = {http://doi.acm.org/10.1145/1655048.1655052},
  doi       = {10.1145/1655048.1655052},
  timestamp = {Wed, 25 Nov 2009 11:01:47 +0100},
  biburl    = {http://dblp.uni-trier.de/rec/bib/conf/drm/SheppardS09},
  bibsource = {dblp computer science bibliography, http://dblp.org}
}
@proceedings{DBLP:conf/drm/2009,
  editor    = {Ehab Al{-}Shaer and
               Hongxia Jin and
               Gregory L. Heileman},
  title     = {Proceedings of the 9th {ACM} Workshop on Digital Rights Management,
               Chicago, Illinois, USA, November 9, 2009},
  publisher = {{ACM}},
  year      = {2009},
  isbn      = {978-1-60558-779-0},
  timestamp = {Sun, 28 Mar 4452477 19:16:48 +},
  biburl    = {http://dblp.uni-trier.de/rec/bib/conf/drm/2009},
  bibsource = {dblp computer science bibliography, http://dblp.org}
}

@inproceedings{Holzer,
  author    = {Markus Holzer and
               Stefan Katzenbeisser and
               Christian Schallhart},
  title     = {Towards Formal Semantics for {ODRL}},
  booktitle = {Proceedings of the First International Workshop on the Open Digital
               Rights Language (ODRL), Vienna, Austria, April 22-23, 2004},
  pages     = {137--148},
  year      = {2004},
  crossref  = {DBLP:conf/odrl/2004},
  url       = {http://odrl.net/workshop2004/paper/odrl-katzenbeisser-paper.pdf},
  timestamp = {Tue, 16 Dec 2014 17:33:05 +0100},
  biburl    = {http://dblp.uni-trier.de/rec/bib/conf/odrl/HolzerKS04},
  bibsource = {dblp computer science bibliography, http://dblp.org}
}
@proceedings{DBLP:conf/odrl/2004,
  editor    = {Renato Iannella and
               Susanne Guth},
  title     = {Proceedings of the First International Workshop on the Open Digital
               Rights Language ({ODRL}), Vienna, Austria, April 22-23, 2004},
  year      = {2004},
  isbn      = {1-74064-500-6},
  timestamp = {Mon, 10 Apr 4439533 12:03:44 +national},
  biburl    = {http://dblp.uni-trier.de/rec/bib/conf/odrl/2004},
  bibsource = {dblp computer science bibliography, http://dblp.org}
}

@inproceedings{Kasten2010MTS, 
   author = {Kasten, Andreas and Grimm, RÃ¼diger}, 
   title = {Making the Semantics of {ODRL} and {URM} Explicit Using Web Ontologies}, 
   year = {2010}, 
   booktitle = {The 8th International Workshop for Technical, Economic and Legal Aspects of Business Models for Virtual Goods}, 
   address = {Namur, Belgium}, 
   pages = {77--91}
} 


@inproceedings{problemwithrels,
  author    = {Pramod A. Jamkhedkar and
               Gregory L. Heileman and
               Iv{\'{a}}n Mart{\'{\i}}nez{-}Ortiz},
  title     = {The Problem With Rights Expression Languages},
  booktitle = {Proceedings of the Sixth {ACM} Workshop on Digital Rights Management,
               Alexandria, VA, USA, October 30, 2006},
  pages     = {59--68},
  year      = {2006},
  crossref  = {DBLP:conf/drm/2006},
  url       = {http://doi.acm.org/10.1145/1179509.1179522},
  doi       = {10.1145/1179509.1179522},
  timestamp = {Thu, 17 Jan 2008 12:00:11 +0100},
  biburl    = {http://dblp.uni-trier.de/rec/bib/conf/drm/JamkhedkarHM06},
  bibsource = {dblp computer science bibliography, http://dblp.org}
}

@proceedings{DBLP:conf/drm/2006,
  editor    = {Moti Yung and
               Kaoru Kurosawa and
               Reihaneh Safavi{-}Naini},
  title     = {Proceedings of the Sixth {ACM} Workshop on Digital Rights Management,
               Alexandria, VA, USA, October 30, 2006},
  publisher = {{ACM}},
  year      = {2006},
  isbn      = {1-59593-555-X},
  timestamp = {Thu, 09 Mar 4460750 21:48:00 +},
  biburl    = {http://dblp.uni-trier.de/rec/bib/conf/drm/2006},
  bibsource = {dblp computer science bibliography, http://dblp.org}
}



@inproceedings{Tschantz,
  author    = {Michael Carl Tschantz and
               Shriram Krishnamurthi},
  title     = {Towards Reasonability Properties for Access-control Policy Languages},
  booktitle = {{SACMAT} 2006,11th {ACM} Symposium on Access Control Models and Technologies,
               Lake Tahoe, California, USA, June 7-9, 2006, Proceedings},
  pages     = {160--169},
  year      = {2006},
  crossref  = {DBLP:conf/sacmat/2006},
  url       = {http://doi.acm.org/10.1145/1133058.1133081},
  doi       = {10.1145/1133058.1133081},
  timestamp = {Mon, 17 Jul 2006 14:22:17 +0200},
  biburl    = {http://dblp.uni-trier.de/rec/bib/conf/sacmat/TschantzK06},
  bibsource = {dblp computer science bibliography, http://dblp.org}
}

@proceedings{DBLP:conf/sacmat/2006,
  editor    = {David F. Ferraiolo and
               Indrakshi Ray},
  title     = {{SACMAT} 2006,11th {ACM} Symposium on Access Control Models and Technologies,
               Lake Tahoe, California, USA, June 7-9, 2006, Proceedings},
  publisher = {{ACM}},
  year      = {2006},
  isbn      = {1-59593-353-0},
  timestamp = {Sun, 08 Jun 4444904 21:37:36 +},
  biburl    = {http://dblp.uni-trier.de/rec/bib/conf/sacmat/2006},
  bibsource = {dblp computer science bibliography, http://dblp.org}
}

@inproceedings{ArcherLP03,
  author    = {Myla Archer and
               Elizabeth I. Leonard and
               Matteo Pradella},
  title     = {Analyzing Security-Enhanced Linux Policy Specifications},
  booktitle = {4th {IEEE} International Workshop on Policies for Distributed Systems
               and Networks {(POLICY} 2003), 4-6 June 2003, Lake Como, Italy},
  pages     = {158},
  year      = {2003},
  crossref  = {DBLP:conf/policy/2003},
  url       = {http://doi.ieeecomputersociety.org/10.1109/POLICY.2003.1206969},
  doi       = {10.1109/POLICY.2003.1206969},
  timestamp = {Wed, 26 Oct 2011 12:01:00 +0200},
  biburl    = {http://dblp.uni-trier.de/rec/bib/conf/policy/ArcherLP03},
  bibsource = {dblp computer science bibliography, http://dblp.org}
}

@proceedings{DBLP:conf/policy/2003,
  title     = {4th {IEEE} International Workshop on Policies for Distributed Systems
               and Networks {(POLICY} 2003), 4-6 June 2003, Lake Como, Italy},
  publisher = {{IEEE} Computer Society},
  year      = {2003},
  isbn      = {0-7695-1933-4},
  timestamp = {Thu, 25 Oct 4454581 12:37:52 +stems},
  biburl    = {http://dblp.uni-trier.de/rec/bib/conf/policy/2003},
  bibsource = {dblp computer science bibliography, http://dblp.org}
}






@inproceedings{Wang,
author    = {Xin Wang and Guillermo Lao and Thomas DeMartini and Hari Reddy and Mai Nguyen and Edgar Valenzuela},
  title     = {{XrML} - {eXtensible} Rights Markup Language},
  booktitle = {Proceedings of the 2002 {ACM} Workshop on {XML} Security, Fairfax,
               VA, USA, November 22, 2002},
  pages     = {71--79},
  year      = {2002},
  crossref  = {DBLP:conf/xmlsec/2002},
  url       = {http://doi.acm.org/10.1145/764792.764803},
  doi       = {10.1145/764792.764803},
  timestamp = {Thu, 07 Feb 2008 10:14:39 +0100},
  biburl    = {http://dblp.uni-trier.de/rec/bib/conf/xmlsec/WangLDRNV02},
  bibsource = {dblp computer science bibliography, http://dblp.org}
}

@proceedings{DBLP:conf/xmlsec/2002,
  editor    = {Michiharu Kudo},
  title     = {Proceedings of the 2002 {ACM} Workshop on {XML} Security, Fairfax,
               VA, USA, November 22, 2002},
  publisher = {{ACM}},
  year      = {2002},
  isbn      = {1-58113-632-3},
  timestamp = {Wed, 24 Jun 4437412 16:45:20 +},
  biburl    = {http://dblp.uni-trier.de/rec/bib/conf/xmlsec/2002},
  bibsource = {dblp computer science bibliography, http://dblp.org}
}

@article{surveyXML,
  title={Survey on xml-based policy languages for open environments},
  author={Yague, M},
  journal={Journal of Information Assurance and Security},
  volume={1},
  number={1},
  pages={11--20},
  year={2006},
  publisher={Citeseer}
}


@article{ odrloneone,
   author = {R. Iannella.},
   title = {Open Digital Rights Language ({ODRL}) Version 1.1},
   year = {2002},
   howpublished={\url{http://www.w3.org/TR/2002/NOTE-odrl-20020919/}},
   note = {[Online; accessed 09-February-2015]}   
}

@inproceedings{Sarna,
author = {Beata Sarna-Starosta and Scott D. Stoller},
title = {Policy Analysis for Security-Enhanced Linux},
booktitle={Proceedings of the 2004 Workshop on Issues in the Theory of Security (WITS)},
pages={1--12},
year={2004},
organization={Citeseer},
masid = {2147583}
}



@inproceedings{gallinaref,
  author    = {G{\'{e}}rard P. Huet},
  title     = {The Gallina Specification Language: {A} Case Study},
  booktitle = {Foundations of Software Technology and Theoretical Computer Science,
               12th Conference, New Delhi, India, December 18-20, 1992, Proceedings},
  pages     = {229--240},
  year      = {1992},
  crossref  = {DBLP:conf/fsttcs/1992},
  url       = {http://dx.doi.org/10.1007/3-540-56287-7_108},
  doi       = {10.1007/3-540-56287-7_108},
  timestamp = {Fri, 02 Oct 2009 08:07:45 +0200},
  biburl    = {http://dblp.uni-trier.de/rec/bib/conf/fsttcs/Huet92},
  bibsource = {dblp computer science bibliography, http://dblp.org}
}
@proceedings{DBLP:conf/fsttcs/1992,
  editor    = {R. K. Shyamasundar},
  title     = {Foundations of Software Technology and Theoretical Computer Science,
               12th Conference, New Delhi, India, December 18-20, 1992, Proceedings},
  series    = {Lecture Notes in Computer Science},
  volume    = {652},
  publisher = {Springer},
  year      = {1992},
  isbn      = {3-540-56287-7},
  timestamp = {Thu, 26 Oct 4444209 04:16:32 +nce},
  biburl    = {http://dblp.uni-trier.de/rec/bib/conf/fsttcs/1992},
  bibsource = {dblp computer science bibliography, http://dblp.org}
}

@article{Halpern2008,
author = {Joseph Y. Halpern and Vicky Weissman},
title = {{Using First-Order Logic to Reason about Policies}},
journal = {ACM Transactions on Information and System Security},
volume = {11},
number    = {4},
  year      = {2008},
  url       = {http://doi.acm.org/10.1145/1380564.1380569},
  doi       = {10.1145/1380564.1380569},
  timestamp = {Sat, 05 Jul 4434036 10:06:24 +},
  biburl    = {http://dblp.uni-trier.de/rec/bib/journals/tissec/HalpernW08},
  bibsource = {dblp computer science bibliography, http://dblp.org}
}

@book{TAPL,
 author = {Pierce, Benjamin C.},
 title = {Types and Programming Languages},
 year = {2002},
 isbn = {0-262-16209-1},
 publisher = {MIT Press},
 address = {Cambridge, MA, USA}
} 

@article{xacml,
  title={{eXtensible} Access Control Markup Language (XACML) Version 1.0},
  author={Anderson, Anne and Nadalin, Anthony and Parducci, B and Engovatov, D and Lockhart, H and Kudo, M and Humenn, P and Godik, S and Anderson, S and Crocker, S and others},
  journal={OASIS},
  year={2003}
}

docs.oasis-open.org/xacml/
2.0/access_control-xacml-2.0-core-spec-os.pdf


@inproceedings{selinux,
author = {Stephen Smalley and Chris Vance and NAI Labs and Wayne Salamon},
title = {Implementing {SELinux} as a {Linux} Security Module},
booktitle = {USENIX Technical Conference},
year = {2002},
howpublished={\url{http://www.nsa.gov/selinux/doc/module.pdf}},
note = "[Online; accessed 16-February-2015]"
}

@inproceedings{maronas2009architecture,
  title={An architecture for the Interoperability Between Rights Expression Languages based on {XACML}},
  author={Maro{\~n}as, Xavier and Rodr{\'\i}guez, Eva and Delgado, Jaime},
  booktitle={Proceedings of the 7th International Workshop for technical, economic and legal aspects of business models for virtual goods, Virtual Goods},
  year={2009}
}

@inproceedings{prados2005interoperability,
  title={Interoperability between Different Rights Expression Languages and Protection Mechanisms},
  author={Prados, Jose and Rodriguez, Eva and Delgado, Jaime},
  booktitle={Automated Production of Cross Media Content for Multi-Channel Distribution, 2005. AXMEDIS 2005. First International Conference on},
  pages={8--pp},
  year={2005},
  organization={IEEE}
}
@inproceedings{alam2008usage,
  title={Usage Control Platformization via Trustworthy {SELinux}},
  author={Alam, Masoom and Seifert, Jean-Pierre and Li, Qi and Zhang, Xinwen},
  booktitle={Proceedings of the 2008 ACM symposium on Information, computer and communications security},
  pages={245--248},
  year={2008},
  organization={ACM}
}

@inproceedings{felty16,
  author    = {Michel St{-}Martin and
               Amy P. Felty},
  title     = {A verified algorithm for detecting conflicts in {XACML} access control
               rules},
  booktitle = {Proceedings of the 5th {ACM} {SIGPLAN} Conference on Certified Programs
               and Proofs, Saint Petersburg, FL, USA, January 20-22, 2016},
  pages     = {166--175},
  year      = {2016},
  crossref  = {DBLP:conf/cpp/2016},
  url       = {http://doi.acm.org/10.1145/2854065.2854079},
  doi       = {10.1145/2854065.2854079},
  timestamp = {Mon, 18 Jan 2016 19:37:27 +0100},
  biburl    = {http://dblp.uni-trier.de/rec/bib/conf/cpp/St-MartinF16},
  bibsource = {dblp computer science bibliography, http://dblp.org}
}
@proceedings{DBLP:conf/cpp/2016,
  editor    = {Jeremy Avigad and
               Adam Chlipala},
  title     = {Proceedings of the 5th {ACM} {SIGPLAN} Conference on Certified Programs
               and Proofs, Saint Petersburg, FL, USA, January 20-22, 2016},
  publisher = {{ACM}},
  year      = {2016},
  url       = {http://dl.acm.org/citation.cfm?id=2854065},
  isbn      = {978-1-4503-4127-1},
  timestamp = {Mon, 18 Jan 2016 19:35:36 +0100},
  biburl    = {http://dblp.uni-trier.de/rec/bib/conf/cpp/2016},
  bibsource = {dblp computer science bibliography, http://dblp.org}
}

@inproceedings{felty13,
	TITLE	= {A Verified Algorithm for Detecting Conflicts in {XACML} Access Control Rules},
	AUTHOR = {Michel St-Martin and Amy Felty},
	PAGES =  {4--11},
	BOOKTITLE = {{Informal Proceedings of the First International Workshop on Automated Reasoning in Security and Software}},
	YEAR = {2013},
	note={\url{http://www.site.uottawa.ca/~afelty/dist/arsec13.pdf}}
}

@phdthesis{st2012verified,
  title={A verified algorithm for detecting conflicts in {XACML} access control rules},
  author={St-Martin, Michel},
  year={2012},
  school={Carleton University}
}

@article{ward1994language,
  title={Language-Oriented Programming},
  author={Ward, Martin P},
  journal={Software-Concepts and Tools},
  volume={15},
  number={4},
  pages={147--161},
  year={1994},
  publisher={Berlin: Springer International, c1994-c2000.}
}

@inproceedings{DBLP:conf/essos/MasiPT12,
  author    = {Massimiliano Masi and
               Rosario Pugliese and
               Francesco Tiezzi},
  title     = {Formalisation and Implementation of the {XACML} Access Control Mechanism},
  booktitle = {Engineering Secure Software and Systems - 4th International Symposium,
               ESSoS 2012, Eindhoven, The Netherlands, February, 16-17, 2012. Proceedings},
  pages     = {60--74},
  year      = {2012},
  crossref  = {DBLP:conf/essos/2012},
  url       = {http://dx.doi.org/10.1007/978-3-642-28166-2_7},
  doi       = {10.1007/978-3-642-28166-2_7},
  timestamp = {Fri, 10 Feb 2012 12:15:53 +0100},
  biburl    = {http://dblp.uni-trier.de/rec/bib/conf/essos/MasiPT12},
  bibsource = {dblp computer science bibliography, http://dblp.org}
}

@proceedings{DBLP:conf/essos/2012,
  editor    = {Gilles Barthe and
               Benjamin Livshits and
               Riccardo Scandariato},
  title     = {Engineering Secure Software and Systems - 4th International Symposium,
               ESSoS 2012, Eindhoven, The Netherlands, February, 16-17, 2012. Proceedings},
  series    = {Lecture Notes in Computer Science},
  volume    = {7159},
  publisher = {Springer},
  year      = {2012},
  url       = {http://dx.doi.org/10.1007/978-3-642-28166-2},
  doi       = {10.1007/978-3-642-28166-2},
  isbn      = {978-3-642-28165-5},
  timestamp = {Fri, 10 Feb 2012 12:15:35 +0100},
  biburl    = {http://dblp.uni-trier.de/rec/bib/conf/essos/2012},
  bibsource = {dblp computer science bibliography, http://dblp.org}
}

@Manual{Coq:manual,
  title =        {The Coq Proof Assistant Reference Manual},
  author =       {The Coq Development Team},
  organization = {LogiCal Project},
  note =         {Version 8.0},
  year =         {2004},
  url =          "http://coq.inria.fr"
}

@inproceedings{DBLP:conf/sacmat/MorissetZ14,
  author    = {Charles Morisset and
               Nicola Zannone},
  title     = {Reduction of access control decisions},
  booktitle = {19th {ACM} Symposium on Access Control Models and Technologies, {SACMAT}
               '14, London, ON, Canada - June 25 - 27, 2014},
  pages     = {53--62},
  year      = {2014},
  crossref  = {DBLP:conf/sacmat/2014},
  url       = {http://doi.acm.org/10.1145/2613087.2613106},
  doi       = {10.1145/2613087.2613106},
  timestamp = {Thu, 26 Jun 2014 08:39:14 +0200},
  biburl    = {http://dblp.uni-trier.de/rec/bib/conf/sacmat/MorissetZ14},
  bibsource = {dblp computer science bibliography, http://dblp.org}
}
@proceedings{DBLP:conf/sacmat/2014,
  editor    = {Sylvia L. Osborn and
               Mahesh V. Tripunitara and
               Ian Molloy},
  title     = {19th {ACM} Symposium on Access Control Models and Technologies, {SACMAT}
               '14, London, ON, Canada - June 25 - 27, 2014},
  publisher = {{ACM}},
  year      = {2014},
  url       = {http://dl.acm.org/citation.cfm?id=2613087},
  isbn      = {978-1-4503-2939-2},
  timestamp = {Thu, 26 Jun 2014 08:28:44 +0200},
  biburl    = {http://dblp.uni-trier.de/rec/bib/conf/sacmat/2014},
  bibsource = {dblp computer science bibliography, http://dblp.org}
}

@article{HalpernW08,
  author    = {Joseph Y. Halpern and
               Vicky Weissman},
  title     = {A formal foundation for XrML},
  journal   = {J. {ACM}},
  volume    = {55},
  number    = {1},
  year      = {2008},
  url       = {http://doi.acm.org/10.1145/1326554.1326558},
  doi       = {10.1145/1326554.1326558},
  timestamp = {Fri, 29 Feb 2008 07:57:37 +0100},
  biburl    = {http://dblp.uni-trier.de/rec/bib/journals/jacm/HalpernW08},
  bibsource = {dblp computer science bibliography, http://dblp.org}
}

@article{ArdagnaDVS04,
  author    = {Claudio Agostino Ardagna and
               Ernesto Damiani and
               Sabrina De Capitani di Vimercati and
               Pierangela Samarati},
  title     = {XML-based access control languages},
  journal   = {Inf. Sec. Techn. Report},
  volume    = {9},
  number    = {3},
  pages     = {35--46},
  year      = {2004},
  url       = {http://dx.doi.org/10.1016/S1363-4127(04)00030-5},
  doi       = {10.1016/S1363-4127(04)00030-5},
  timestamp = {Fri, 12 Apr 2013 14:53:07 +0200},
  biburl    = {http://dblp.uni-trier.de/rec/bib/journals/istr/ArdagnaDVS04},
  bibsource = {dblp computer science bibliography, http://dblp.org}
}

@article{datalog,
  author    = {Stefano Ceri and
               Georg Gottlob and
               Letizia Tanca},
  title     = {What you Always Wanted to Know About Datalog (And Never Dared to Ask)},
  journal   = {{IEEE} Trans. Knowl. Data Eng.},
  volume    = {1},
  number    = {1},
  pages     = {146--166},
  year      = {1989},
  url       = {http://dx.doi.org/10.1109/69.43410},
  doi       = {10.1109/69.43410},
  timestamp = {Wed, 09 Sep 2015 09:50:36 +0200},
  biburl    = {http://dblp.uni-trier.de/rec/bib/journals/tkde/CeriGT89},
  bibsource = {dblp computer science bibliography, http://dblp.org}
}

@inproceedings{GunterWW01,
  author    = {Carl A. Gunter and
               Stephen Weeks and
               Andrew K. Wright},
  title     = {Models and Languages for Digital Rights},
  booktitle = {34th Annual Hawaii International Conference on System Sciences (HICSS-34),
               January 3-6, 2001, Maui, Hawaii, {USA}},
  year      = {2001},
  crossref  = {DBLP:conf/hicss/2001},
  url       = {http://dx.doi.org/10.1109/HICSS.2001.927271},
  doi       = {10.1109/HICSS.2001.927271},
  timestamp = {Wed, 23 Jul 2014 20:34:23 +0200},
  biburl    = {http://dblp.uni-trier.de/rec/bib/conf/hicss/GunterWW01},
  bibsource = {dblp computer science bibliography, http://dblp.org}
}

@proceedings{DBLP:conf/hicss/2001,
  title     = {34th Annual Hawaii International Conference on System Sciences (HICSS-34),
               January 3-6, 2001, Maui, Hawaii, {USA}},
  publisher = {{IEEE} Computer Society},
  year      = {2001},
  url       = {http://ieeexplore.ieee.org/xpl/mostRecentIssue.jsp?punumber=7255},
  timestamp = {Wed, 23 Jul 2014 20:34:23 +0200},
  biburl    = {http://dblp.uni-trier.de/rec/bib/conf/hicss/2001},
  bibsource = {dblp computer science bibliography, http://dblp.org}
}

@inproceedings{xiang2008formal,
  title={Formal digital license language with OTS/CafeOBJ method},
  author={Xiang, Jianwen and Bj{\o}rner, Dines and Futatsugi, Kokichi},
  booktitle={Computer Systems and Applications, 2008. AICCSA 2008. IEEE/ACS International Conference on},
  pages={652--660},
  year={2008},
  organization={IEEE}
}
@book{cafeobj,
  author    = {Razvan Diaconescu and
               Kokichi Futatsugi},
  title     = {Cafeobj Report - The Language, Proof Techniques, and Methodologies
               for Object-Oriented Algebraic Specification},
  series    = {{AMAST} Series in Computing},
  volume    = {6},
  publisher = {World Scientific},
  year      = {1998},
  url       = {http://dx.doi.org/10.1142/3831},
  doi       = {10.1142/3831},
  isbn      = {978-981-02-3513-0},
  timestamp = {Tue, 04 Aug 2015 17:18:01 +0200},
  biburl    = {http://dblp.uni-trier.de/rec/bib/series/amast/DiaconescuF98},
  bibsource = {dblp computer science bibliography, http://dblp.org}
}
@inproceedings{BarthM06,
  author    = {Adam Barth and
               John C. Mitchell},
  title     = {Managing Digital Rights using Linear Logic},
  booktitle = {21th {IEEE} Symposium on Logic in Computer Science {(LICS} 2006),
               12-15 August 2006, Seattle, WA, USA, Proceedings},
  pages     = {127--136},
  year      = {2006},
  crossref  = {DBLP:conf/lics/2006},
  url       = {http://dx.doi.org/10.1109/LICS.2006.32},
  doi       = {10.1109/LICS.2006.32},
  timestamp = {Sat, 22 Nov 2014 13:44:45 +0100},
  biburl    = {http://dblp.uni-trier.de/rec/bib/conf/lics/BarthM06},
  bibsource = {dblp computer science bibliography, http://dblp.org}
}
@proceedings{DBLP:conf/lics/2006,
  title     = {21th {IEEE} Symposium on Logic in Computer Science {(LICS} 2006),
               12-15 August 2006, Seattle, WA, USA, Proceedings},
  publisher = {{IEEE} Computer Society},
  year      = {2006},
  url       = {http://ieeexplore.ieee.org/xpl/mostRecentIssue.jsp?punumber=11132},
  isbn      = {0-7695-2631-4},
  timestamp = {Fri, 21 Nov 2014 14:08:56 +0100},
  biburl    = {http://dblp.uni-trier.de/rec/bib/conf/lics/2006},
  bibsource = {dblp computer science bibliography, http://dblp.org}
}
@article{Girard87,
  author    = {Jean{-}Yves Girard},
  title     = {Linear Logic},
  journal   = {Theor. Comput. Sci.},
  volume    = {50},
  pages     = {1--102},
  year      = {1987},
  url       = {http://dx.doi.org/10.1016/0304-3975(87)90045-4},
  doi       = {10.1016/0304-3975(87)90045-4},
  timestamp = {Wed, 07 Sep 2011 12:13:20 +0200},
  biburl    = {http://dblp.uni-trier.de/rec/bib/journals/tcs/Girard87},
  bibsource = {dblp computer science bibliography, http://dblp.org}
}
@article{Lincoln,
 author = {Lincoln, Patrick},
 title = {Linear Logic},
 journal = {SIGACT News},
 issue_date = {Spring 1992},
 volume = {23},
 number = {2},
 month = may,
 year = {1992},
 issn = {0163-5700},
 pages = {29--37},
 numpages = {9},
 url = {http://doi.acm.org/10.1145/130956.130958},
 doi = {10.1145/130956.130958},
 acmid = {130958},
 publisher = {ACM},
 address = {New York, NY, USA},
} 

@inproceedings{SheppardS09,
  author    = {Nicholas Paul Sheppard and
               Reihaneh Safavi{-}Naini},
  title     = {On the operational semantics of rights expression languages},
  booktitle = {Proceedings of the 9th {ACM} Workshop on Digital Rights Management,
               Chicago, Illinois, USA, November 9, 2009},
  pages     = {17--28},
  year      = {2009},
  crossref  = {DBLP:conf/drm/2009},
  url       = {http://doi.acm.org/10.1145/1655048.1655052},
  doi       = {10.1145/1655048.1655052},
  timestamp = {Wed, 25 Nov 2009 11:01:47 +0100},
  biburl    = {http://dblp.uni-trier.de/rec/bib/conf/drm/SheppardS09},
  bibsource = {dblp computer science bibliography, http://dblp.org}
}
@inproceedings{CaprettaSFM07,
  author    = {Venanzio Capretta and
               Bernard Stepien and
               Amy P. Felty and
               Stan Matwin},
  title     = {Formal correctness of conflict detection for firewalls},
  booktitle = {Proceedings of the 2007 {ACM} workshop on Formal methods in security
               engineering, {FMSE} 2007, Fairfax, VA, USA, November 2, 2007},
  pages     = {22--30},
  year      = {2007},
  crossref  = {DBLP:conf/ccs/2007fmse},
  url       = {http://doi.acm.org/10.1145/1314436.1314440},
  doi       = {10.1145/1314436.1314440},
  timestamp = {Wed, 09 Apr 2008 14:30:29 +0200},
  biburl    = {http://dblp.uni-trier.de/rec/bib/conf/ccs/CaprettaSFM07},
  bibsource = {dblp computer science bibliography, http://dblp.org}
}
@proceedings{DBLP:conf/ccs/2007fmse,
  editor    = {Peng Ning and
               Vijay Atluri and
               Virgil D. Gligor and
               Heiko Mantel},
  title     = {Proceedings of the 2007 {ACM} workshop on Formal methods in security
               engineering, {FMSE} 2007, Fairfax, VA, USA, November 2, 2007},
  publisher = {{ACM}},
  year      = {2007},
  isbn      = {978-1-59593-887-9},
  timestamp = {Wed, 09 Apr 2008 14:17:14 +0200},
  biburl    = {http://dblp.uni-trier.de/rec/bib/conf/ccs/2007fmse},
  bibsource = {dblp computer science bibliography, http://dblp.org}
}
@InProceedings{Stmartin,
  title =	"A Verified Algorithm for Detecting Conflicts in {XACML} Access Control Rules",
  author =	"Michel St-Martin and Amy Felty",
  booktitle =	" Informal Proceedings of the First International Workshop on Automated Reasoning in Security and Software Verification, 
                 Lake Placid, New York,
		 9 June 2013",
  year = 	"2013",
  pages =	"4--11",
  URL =  	"https://www.site.uottawa.ca/~afelty/dist/arsec13.pdf",
}
@book{ciscofirewall,
  author    = {James Boney},
  title     = {Cisco {IOS} - in a nutshell: a desktop quick reference for {IOS} on
               {IP} networks {(2.} ed.)},
  publisher = {O'Reilly},
  year      = {2005},
  url       = {http://www.oreilly.de/catalog/cisconut2/index.html},
  isbn      = {978-0-596-00869-7},
  timestamp = {Fri, 01 Apr 2011 13:41:31 +0200},
  biburl    = {http://dblp.uni-trier.de/rec/bib/books/daglib/0014451},
  bibsource = {dblp computer science bibliography, http://dblp.org}
}
@manual{xacml3pdf,
  author = "OASIS",
  title = "{XACML} {V}ersion 3.0",
  year = 2013,
  note = "\url{docs.oasis-open.org/xacml/3.0/xacml-3.0-core-spec-cs-01-en.pdf}"}

@manual{xacml3,
  author = "OASIS",
  title = "{XACML} {V}ersion 3.0",
  year = 2013,
  note = "\url{http://docs.oasis-open.org/xacml/3.0/xacml-3.0-core-spec-os-en.html}"}

@inproceedings{LiWQBRLL09,
  author    = {Ninghui Li and
               Qihua Wang and
               Wahbeh H. Qardaji and
               Elisa Bertino and
               Prathima Rao and
               Jorge Lobo and
               Dan Lin},
  title     = {Access control policy combining: theory meets practice},
  booktitle = {{SACMAT} 2009, 14th {ACM} Symposium on Access Control Models and Technologies,
               Stresa, Italy, June 3-5, 2009, Proceedings},
  pages     = {135--144},
  year      = {2009},
  crossref  = {DBLP:conf/sacmat/2009},
  url       = {http://doi.acm.org/10.1145/1542207.1542229},
  doi       = {10.1145/1542207.1542229},
  timestamp = {Thu, 24 Sep 2009 20:52:33 +0200},
  biburl    = {http://dblp.uni-trier.de/rec/bib/conf/sacmat/LiWQBRLL09},
  bibsource = {dblp computer science bibliography, http://dblp.org}
}
@proceedings{DBLP:conf/sacmat/2009,
  editor    = {Barbara Carminati and
               James Joshi},
  title     = {{SACMAT} 2009, 14th {ACM} Symposium on Access Control Models and Technologies,
               Stresa, Italy, June 3-5, 2009, Proceedings},
  publisher = {{ACM}},
  year      = {2009},
  isbn      = {978-1-60558-537-6},
  timestamp = {Mon, 08 Jun 2009 10:18:56 +0200},
  biburl    = {http://dblp.uni-trier.de/rec/bib/conf/sacmat/2009},
  bibsource = {dblp computer science bibliography, http://dblp.org}
}




